<?xml version="1.0" encoding="UTF-8"?>
<marc:collection xmlns:marc="http://www.loc.gov/MARC21/slim"
    xmlns:xsi="http://www.w3.org/2001/XMLSchema-instance"
    xsi:schemaLocation="http://www.loc.gov/MARC21/slim http://www.loc.gov/standards/marcxml/schema/MARC21slim.xsd">
    <marc:record>
        <marc:leader>04004cam a2200673 i 4500</marc:leader>
        <marc:controlfield tag="001">99161853437301452</marc:controlfield>
        <marc:controlfield tag="005">20240111213018.0</marc:controlfield>
        <marc:controlfield tag="006">m     o  d f      </marc:controlfield>
        <marc:controlfield tag="007">cr mn|||||||||</marc:controlfield>
        <marc:controlfield tag="008">150520s2015    mdua    obs  f000 0 eng c</marc:controlfield>
        <marc:datafield tag="019" ind1=" " ind2=" ">
            <marc:subfield code="a">974992595</marc:subfield>
            <marc:subfield code="a">1012070456</marc:subfield>
            <marc:subfield code="a">1014296216</marc:subfield>
            <marc:subfield code="a">1015346731</marc:subfield>
            <marc:subfield code="a">1031699514</marc:subfield>
            <marc:subfield code="a">1031754011</marc:subfield>
            <marc:subfield code="a">1053500802</marc:subfield>
            <marc:subfield code="a">1066576582</marc:subfield>
            <marc:subfield code="a">1077894379</marc:subfield>
            <marc:subfield code="a">1245865218</marc:subfield>
            <marc:subfield code="a">1245866296</marc:subfield>
            <marc:subfield code="a">1245867139</marc:subfield>
            <marc:subfield code="a">1245868752</marc:subfield>
            <marc:subfield code="a">1245868957</marc:subfield>
            <marc:subfield code="a">1245869259</marc:subfield>
            <marc:subfield code="a">1245869423</marc:subfield>
            <marc:subfield code="a">1245870708</marc:subfield>
            <marc:subfield code="a">1245871302</marc:subfield>
        </marc:datafield>
        <marc:datafield tag="035" ind1=" " ind2=" ">
            <marc:subfield code="a">(OCoLC)909606578</marc:subfield>
            <marc:subfield code="z">(OCoLC)974992595</marc:subfield>
            <marc:subfield code="z">(OCoLC)1012070456</marc:subfield>
            <marc:subfield code="z">(OCoLC)1014296216</marc:subfield>
            <marc:subfield code="z">(OCoLC)1015346731</marc:subfield>
            <marc:subfield code="z">(OCoLC)1031699514</marc:subfield>
            <marc:subfield code="z">(OCoLC)1031754011</marc:subfield>
            <marc:subfield code="z">(OCoLC)1053500802</marc:subfield>
            <marc:subfield code="z">(OCoLC)1066576582</marc:subfield>
            <marc:subfield code="z">(OCoLC)1077894379</marc:subfield>
            <marc:subfield code="z">(OCoLC)1245865218</marc:subfield>
            <marc:subfield code="z">(OCoLC)1245866296</marc:subfield>
            <marc:subfield code="z">(OCoLC)1245867139</marc:subfield>
            <marc:subfield code="z">(OCoLC)1245868752</marc:subfield>
            <marc:subfield code="z">(OCoLC)1245868957</marc:subfield>
            <marc:subfield code="z">(OCoLC)1245869259</marc:subfield>
            <marc:subfield code="z">(OCoLC)1245869423</marc:subfield>
            <marc:subfield code="z">(OCoLC)1245870708</marc:subfield>
            <marc:subfield code="z">(OCoLC)1245871302</marc:subfield>
        </marc:datafield>
        <marc:datafield tag="035" ind1=" " ind2=" ">
            <marc:subfield code="a">(OCoLC)ocn909606578</marc:subfield>
        </marc:datafield>
        <marc:datafield tag="035" ind1=" " ind2=" ">
            <marc:subfield code="a">(EXLNZ-01ALLIANCE_NETWORK)99320697891601451</marc:subfield>
        </marc:datafield>
        <marc:datafield tag="035" ind1=" " ind2=" ">
            <marc:subfield code="a">(01ALLIANCE_UW)99161853437301452</marc:subfield>
        </marc:datafield>
        <marc:datafield tag="040" ind1=" " ind2=" ">
            <marc:subfield code="a">GPO</marc:subfield>
            <marc:subfield code="b">eng</marc:subfield>
            <marc:subfield code="e">rda</marc:subfield>
            <marc:subfield code="e">pn</marc:subfield>
            <marc:subfield code="c">GPO</marc:subfield>
            <marc:subfield code="d">OCLCF</marc:subfield>
            <marc:subfield code="d">OCLCE</marc:subfield>
            <marc:subfield code="d">OCLCQ</marc:subfield>
            <marc:subfield code="d">LWA</marc:subfield>
            <marc:subfield code="d">OCLCQ</marc:subfield>
            <marc:subfield code="d">OCLCA</marc:subfield>
            <marc:subfield code="d">OCLCQ</marc:subfield>
            <marc:subfield code="d">OCLCO</marc:subfield>
            <marc:subfield code="d">BRL</marc:subfield>
            <marc:subfield code="d">COM</marc:subfield>
            <marc:subfield code="d">OCLCO</marc:subfield>
            <marc:subfield code="d">OCLCL</marc:subfield>
            <marc:subfield code="d">DOS</marc:subfield>
        </marc:datafield>
        <marc:datafield tag="042" ind1=" " ind2=" ">
            <marc:subfield code="a">pcc</marc:subfield>
            <marc:subfield code="a">dlr</marc:subfield>
        </marc:datafield>
        <marc:datafield tag="043" ind1=" " ind2=" ">
            <marc:subfield code="a">n-us---</marc:subfield>
        </marc:datafield>
        <marc:datafield tag="049" ind1=" " ind2=" ">
            <marc:subfield code="a">MAIN</marc:subfield>
        </marc:datafield>
        <marc:datafield tag="074" ind1=" " ind2=" ">
            <marc:subfield code="a">0500-E-17 (online)</marc:subfield>
        </marc:datafield>
        <marc:datafield tag="086" ind1="0" ind2=" ">
            <marc:subfield code="a">HE 20.6234:188</marc:subfield>
        </marc:datafield>
        <marc:datafield tag="100" ind1="1" ind2=" ">
            <marc:subfield code="a">Branum, Amy M.,</marc:subfield>
            <marc:subfield code="e">author.</marc:subfield>
        </marc:datafield>
        <marc:datafield tag="245" ind1="1" ind2="0">
            <marc:subfield code="a">Trends in long-acting reversible contraception use among U.S. women aged 15-44 /</marc:subfield>
            <marc:subfield code="c">Amy M. Branum and Jo Jones.</marc:subfield>
        </marc:datafield>
        <marc:datafield tag="264" ind1=" " ind2="1">
            <marc:subfield code="a">Hyattsville, MD :</marc:subfield>
            <marc:subfield code="b">U.S. Department of Health and Human Services, Centers for Disease Control and Prevention, National Center for Health Statistics,</marc:subfield>
            <marc:subfield code="c">2015.</marc:subfield>
        </marc:datafield>
        <marc:datafield tag="300" ind1=" " ind2=" ">
            <marc:subfield code="a">1 online resource (7 pages) :</marc:subfield>
            <marc:subfield code="b">color illustrations</marc:subfield>
        </marc:datafield>
        <marc:datafield tag="336" ind1=" " ind2=" ">
            <marc:subfield code="a">text</marc:subfield>
            <marc:subfield code="b">txt</marc:subfield>
            <marc:subfield code="2">rdacontent</marc:subfield>
        </marc:datafield>
        <marc:datafield tag="337" ind1=" " ind2=" ">
            <marc:subfield code="a">computer</marc:subfield>
            <marc:subfield code="b">c</marc:subfield>
            <marc:subfield code="2">rdamedia</marc:subfield>
        </marc:datafield>
        <marc:datafield tag="338" ind1=" " ind2=" ">
            <marc:subfield code="a">online resource</marc:subfield>
            <marc:subfield code="b">cr</marc:subfield>
            <marc:subfield code="2">rdacarrier</marc:subfield>
        </marc:datafield>
        <marc:datafield tag="490" ind1="1" ind2=" ">
            <marc:subfield code="a">NCHS data brief ;</marc:subfield>
            <marc:subfield code="v">no. 188</marc:subfield>
        </marc:datafield>
        <marc:datafield tag="490" ind1="1" ind2=" ">
            <marc:subfield code="a">DHHS publication ;</marc:subfield>
            <marc:subfield code="v">no. 2015-1209</marc:subfield>
        </marc:datafield>
        <marc:datafield tag="533" ind1=" " ind2=" ">
            <marc:subfield code="a">Electronic reproduction.</marc:subfield>
            <marc:subfield code="b">[Place of publication not identified] :</marc:subfield>
            <marc:subfield code="c">HathiTrust Digital Library,</marc:subfield>
            <marc:subfield code="d">2011.</marc:subfield>
            <marc:subfield code="5">MiAaHDL</marc:subfield>
        </marc:datafield>
        <marc:datafield tag="538" ind1=" " ind2=" ">
            <marc:subfield code="a">Master and use copy. Digital master created according to Benchmark for Faithful Digital Reproductions of Monographs and Serials, Version 1. Digital Library Federation, December 2002.</marc:subfield>
            <marc:subfield code="u">http://purl.oclc.org/DLF/benchrepro0212</marc:subfield>
            <marc:subfield code="5">MiAaHDL</marc:subfield>
        </marc:datafield>
        <marc:datafield tag="583" ind1="1" ind2=" ">
            <marc:subfield code="a">digitized</marc:subfield>
            <marc:subfield code="c">2011</marc:subfield>
            <marc:subfield code="h">HathiTrust Digital Library</marc:subfield>
            <marc:subfield code="l">committed to preserve</marc:subfield>
            <marc:subfield code="2">pda</marc:subfield>
            <marc:subfield code="5">MiAaHDL</marc:subfield>
        </marc:datafield>
        <marc:datafield tag="500" ind1=" " ind2=" ">
            <marc:subfield code="a">Title from title screen (viewed May 20, 2015).</marc:subfield>
        </marc:datafield>
        <marc:datafield tag="500" ind1=" " ind2=" ">
            <marc:subfield code="a">&quot;February 2015.&quot;</marc:subfield>
        </marc:datafield>
        <marc:datafield tag="504" ind1=" " ind2=" ">
            <marc:subfield code="a">Includes bibliographical references (page 7).</marc:subfield>
        </marc:datafield>
        <marc:datafield tag="506" ind1=" " ind2=" ">
            <marc:subfield code="3">Use copy</marc:subfield>
            <marc:subfield code="f">Restrictions unspecified</marc:subfield>
            <marc:subfield code="2">star</marc:subfield>
            <marc:subfield code="5">MiAaHDL</marc:subfield>
        </marc:datafield>
        <marc:datafield tag="650" ind1=" " ind2="0">
            <marc:subfield code="a">Contraceptives</marc:subfield>
            <marc:subfield code="z">United States</marc:subfield>
            <marc:subfield code="v">Statistics.</marc:subfield>
        </marc:datafield>
        <marc:datafield tag="650" ind1=" " ind2="0">
            <marc:subfield code="a">Birth control</marc:subfield>
            <marc:subfield code="z">United States</marc:subfield>
            <marc:subfield code="v">Statistics.</marc:subfield>
        </marc:datafield>
        <marc:datafield tag="650" ind1=" " ind2="6">
            <marc:subfield code="a">Contraceptifs</marc:subfield>
            <marc:subfield code="z">États-Unis</marc:subfield>
            <marc:subfield code="v">Statistiques.</marc:subfield>
        </marc:datafield>
        <marc:datafield tag="650" ind1=" " ind2="6">
            <marc:subfield code="a">Régulation des naissances</marc:subfield>
            <marc:subfield code="z">États-Unis</marc:subfield>
            <marc:subfield code="v">Statistiques.</marc:subfield>
        </marc:datafield>
        <marc:datafield tag="650" ind1=" " ind2="7">
            <marc:subfield code="a">Birth control.</marc:subfield>
            <marc:subfield code="2">fast</marc:subfield>
            <marc:subfield code="0">(OCoLC)fst00833148</marc:subfield>
        </marc:datafield>
        <marc:datafield tag="650" ind1=" " ind2="7">
            <marc:subfield code="a">Contraceptives.</marc:subfield>
            <marc:subfield code="2">fast</marc:subfield>
            <marc:subfield code="0">(OCoLC)fst00876856</marc:subfield>
        </marc:datafield>
        <marc:datafield tag="651" ind1=" " ind2="7">
            <marc:subfield code="a">United States.</marc:subfield>
            <marc:subfield code="2">fast</marc:subfield>
            <marc:subfield code="0">(OCoLC)fst01204155</marc:subfield>
            <marc:subfield code="1">https://id.oclc.org/worldcat/entity/E39PBJtxgQXMWqmjMjjwXRHgrq</marc:subfield>
        </marc:datafield>
        <marc:datafield tag="655" ind1=" " ind2="2">
            <marc:subfield code="a">Statistics</marc:subfield>
        </marc:datafield>
        <marc:datafield tag="655" ind1=" " ind2="7">
            <marc:subfield code="a">Statistics.</marc:subfield>
            <marc:subfield code="2">fast</marc:subfield>
            <marc:subfield code="0">(OCoLC)fst01423727</marc:subfield>
        </marc:datafield>
        <marc:datafield tag="655" ind1=" " ind2="7">
            <marc:subfield code="a">Statistics.</marc:subfield>
            <marc:subfield code="2">lcgft</marc:subfield>
        </marc:datafield>
        <marc:datafield tag="655" ind1=" " ind2="7">
            <marc:subfield code="a">Statistiques.</marc:subfield>
            <marc:subfield code="2">rvmgf</marc:subfield>
        </marc:datafield>
        <marc:datafield tag="710" ind1="2" ind2=" ">
            <marc:subfield code="a">National Center for Health Statistics (U.S.),</marc:subfield>
            <marc:subfield code="e">issuing body.</marc:subfield>
        </marc:datafield>
        <marc:datafield tag="776" ind1="0" ind2="8">
            <marc:subfield code="i">Print version:</marc:subfield>
            <marc:subfield code="a">Branum, Amy M.</marc:subfield>
            <marc:subfield code="t">Trends in long-acting reversible contraception use among U.S. women aged 15-44</marc:subfield>
            <marc:subfield code="w">(OCoLC)906210233</marc:subfield>
        </marc:datafield>
        <marc:datafield tag="700" ind1="1" ind2=" ">
            <marc:subfield code="a">Jones, Jo,</marc:subfield>
            <marc:subfield code="c">Ph. D.,</marc:subfield>
            <marc:subfield code="e">author.</marc:subfield>
            <marc:subfield code="1">https://id.oclc.org/worldcat/entity/E39PCjJ7Y4PDGhbDMH87tGBkWC</marc:subfield>
        </marc:datafield>
        <marc:datafield tag="830" ind1=" " ind2="0">
            <marc:subfield code="a">DHHS publication ;</marc:subfield>
            <marc:subfield code="v">no. 2015-1209.</marc:subfield>
        </marc:datafield>
        <marc:datafield tag="830" ind1=" " ind2="0">
            <marc:subfield code="a">NCHS data brief (Series) ;</marc:subfield>
            <marc:subfield code="v">no. 188.</marc:subfield>
        </marc:datafield>
        <marc:datafield tag="856" ind1="4" ind2="0">
            <marc:subfield code="3">Google</marc:subfield>
            <marc:subfield code="u">http://books.google.com/books?id=DnC8cRoUJ94C</marc:subfield>
        </marc:datafield>
        <marc:datafield tag="856" ind1="4" ind2="0">
            <marc:subfield code="3">HathiTrust Digital Library</marc:subfield>
            <marc:subfield code="u">http://catalog.hathitrust.org/api/volumes/oclc/906210233.html</marc:subfield>
        </marc:datafield>
        <marc:datafield tag="856" ind1="4" ind2="0">
            <marc:subfield code="u">https://purl.fdlp.gov/GPO/gpo57612</marc:subfield>
            <marc:subfield code="7">0</marc:subfield>
        </marc:datafield>
        <marc:datafield tag="856" ind1="4" ind2=" ">
            <marc:subfield code="u">http://www.cdc.gov/nchs/data/databriefs/db188.pdf</marc:subfield>
        </marc:datafield>
        <marc:datafield tag="856" ind1="4" ind2="0">
            <marc:subfield code="u">https://purl.fdlp.gov/GPO/gpo57612</marc:subfield>
            <marc:subfield code="y">Click here for online resource.</marc:subfield>
            <marc:subfield code="7">0</marc:subfield>
        </marc:datafield>
        <marc:datafield tag="994" ind1=" " ind2=" ">
            <marc:subfield code="a">92</marc:subfield>
            <marc:subfield code="b">OCACL</marc:subfield>
        </marc:datafield>
    </marc:record>
</marc:collection>